@article{1_MisraKhurana2017,
  title   = {Employability Skills among Information Technology Professionals: A Literature Review},
  author  = {Misra, Rajnish Kumar and Khurana, Khushbu},
  journal = {Procedia Computer Science},
  volume  = {122},
  pages   = {63--70},
  year    = {2017},
  publisher = {Elsevier}
} 

@inproceedings{3_DeSilva2024,
  title     = {Essential Professional Skills and Competencies for Future Information Technology Graduates Meeting IT Industry Demands},
  author    = {De Silva, Dimanthinie and Huijser, Henk and Cunningham, Sam and Press, Nona},
  booktitle = {2024 International Conference on Engineering Management of Communication and Technology (EMCTECH)},
  doi       = {10.1109/EMCTECH63049.2024.10741786},
  year      = {2024},
  publisher = {IEEE}
} 

@inproceedings{4_Chakraborty2019,
  title     = {Demand Analysis of CSE Graduates of Different Universities in Job Markets},
  author    = {Chakraborty, Debjany and Hossain, Md. Sabir and Arefin, Mohammad Shamsul},
  booktitle = {Proceedings of the 2019 International Conference on Electrical, Computer and Communication Engineering (ECCE)},
  doi       = {10.1109/ECACE.2019.8679511},
  month     = {February},
  year      = {2019},
  publisher = {IEEE}
} 

@article{5_MohammedOzdamli2024,
  title   = {A Systematic Literature Review of Soft Skills in Information Technology Education},
  author  = {Mohammed, Farhad Sadik and Ozdamli, Fezile},
  journal = {Behavioral Sciences},
  volume  = {14},
  number  = {10},
  pages   = {894},
  year    = {2024},
  doi     = {10.3390/bs14100894},
  publisher = {MDPI}
} 

@article{6_PrinceIdrisKawserAlif2025,
  title   = {Prospects of Computer Science Graduates A Comprehensive Review of Career Opportunity and Challenges},
  author  = {Prince, Khaled H. and Idris, Saima B. and Kawser, Tanvir A. and Alif, Minhajul Shariar Zaman},
  journal = {Procedia Computer Science},
  year    = {2025},
  month   = {February},
  note    = {Article PDF available on ResearchGate},
  publisher = {Elsevier}
}






